<?xml version="1.0" encoding="UTF-8"?><collection xmlns="http://www.loc.gov/MARC21/slim"><record><leader>00556nam--2200181-i-4500</leader><controlfield tag="001">000015926</controlfield><controlfield tag="002">20161230</controlfield><controlfield tag="005">20161230201031</controlfield><controlfield tag="008">060222s1000------------r-----000-0-eng-d</controlfield><datafield ind1=" " ind2=" " tag="040"><subfield code="a">IFIN-HH</subfield></datafield><datafield ind1=" " ind2=" " tag="080"><subfield code="a">519.216</subfield></datafield><datafield ind1="1" ind2=" " tag="100"><subfield code="a">Bailey , Norman T.J</subfield></datafield><datafield ind1="1" ind2="0" tag="245"><subfield code="a">The elements of stochastic processes with applications to the natural sciences</subfield><subfield code="c">Norman t.j. bailey</subfield></datafield><datafield ind1=" " ind2=" " tag="260"><subfield code="a">New York</subfield><subfield code="b">John Wiley And Sons,Inc</subfield><subfield code="c">1964</subfield></datafield><datafield ind1=" " ind2=" " tag="300"><subfield code="a">XI + 249 P</subfield></datafield><datafield ind1=" " ind2=" " tag="490"><subfield code="a">A Wiley Publication In Aplied Statistics</subfield></datafield><datafield ind1=" " ind2=" " tag="852"><subfield code="a">22918</subfield><subfield code="c">519.24</subfield></datafield><datafield ind1=" " ind2=" " tag="CAT"><subfield code="a">Sys</subfield><subfield code="c">20130802</subfield><subfield code="h">145108</subfield></datafield></record></collection>